@article{redy2021restaurant,
    author = {Srikanth Siddamsetty, Rohith Reddy Vangala, Lokesh Reddy, and Praneeth Reddy Vattipally},
    title = {Restaurant Revenue Prediction using Machine Learning},
    journal = {International Research Journal of Engineering and Technology (IRJET)},
    year = {2021},
    volume = {8}
}
@article{redy2023restaurant,
    author = {Md Yasin Ali Parh, Mst Sharmin Akter Sumy, Lokesh Reddy, and Most Sifat Muntaha Soni},
    title = {Restaurant Revenue Prediction Applying Supervised
Learning Methods},
    journal = {Journal of Statistics Applications \& Probability},
    year = {2023}
}
@article{ismail2023predicting,
    author = {Nadiah Hanun Ismail, and Chee-Wooi Hooy},
    title = {Predicting Restaurant Revenue using Machine Learning},
    journal = {Journal of Contemporary Issues and Thought},
    year = {2023},
    volume = {13}
}
@article{shah2016restaurant,
    author = {Prof. Nataasha Raul, Yash Shah, and Mehul Devganiya},
    title = {Restaurant Revenue Prediction using Machine Learning},
    journal = {International Journal of Engineering And Science},
    year = {2016},
    volume = {6}
}
